<record><leader>00000cas a2200000 a 4500</leader><controlfield tag="001">20514902</controlfield><controlfield tag="008">891019c19899999wauwr ne      0   a0eng d</controlfield><datafield ind1=" " ind2=" " tag="010"><subfield code="a">sn 89079053 </subfield></datafield><datafield ind1=" " ind2=" " tag="040"><subfield code="a">SLZ</subfield><subfield code="b">eng</subfield><subfield code="c">SLZ</subfield><subfield code="d">NSD</subfield><subfield code="d">OCLCQ</subfield><subfield code="d">OCLCF</subfield><subfield code="d">OCLCO</subfield></datafield><datafield ind1=" " ind2=" " tag="012"><subfield code="m">1</subfield></datafield><datafield ind1="1" ind2=" " tag="022"><subfield code="a">1048-5309</subfield><subfield code="l">1048-5309</subfield><subfield code="2">1</subfield></datafield><datafield ind1="1" ind2=" " tag="029"><subfield code="a">AU@</subfield><subfield code="b">000020551544</subfield></datafield><datafield ind1=" " ind2=" " tag="032"><subfield code="a">510910</subfield><subfield code="b">USPS</subfield></datafield><datafield ind1=" " ind2=" " tag="037"><subfield code="b">American Publishing Co., 724 6th St., P.O. Box 579, Clarkston, WA 99403-0579</subfield></datafield><datafield ind1=" " ind2=" " tag="042"><subfield code="a">msc</subfield><subfield code="a">nsdp</subfield></datafield><datafield ind1=" " ind2=" " tag="043"><subfield code="a">n-us-wa</subfield></datafield><datafield ind1=" " ind2="0" tag="222"><subfield code="a">Asotin County American</subfield></datafield><datafield ind1="0" ind2="0" tag="245"><subfield code="a">Asotin County American.</subfield></datafield><datafield ind1=" " ind2=" " tag="260"><subfield code="a">Clarkston, Wash. :</subfield><subfield code="b">Bill Thompson</subfield></datafield><datafield ind1=" " ind2=" " tag="300"><subfield code="a">v.</subfield></datafield><datafield ind1=" " ind2=" " tag="310"><subfield code="a">Weekly</subfield></datafield><datafield ind1="0" ind2=" " tag="362"><subfield code="a">Vol. 3 [i.e. 11], issue 31 (Aug. 8, 1989)-</subfield></datafield><datafield ind1=" " ind2=" " tag="500"><subfield code="a">Published by: American Pub. Co., &lt;Sept. 21, 1989-&gt;</subfield></datafield><datafield ind1=" " ind2=" " tag="588"><subfield code="a">Latest issue consulted: Vol. 11, issue 38 (Thursday, Sept. 21, 1989).</subfield></datafield><datafield ind1=" " ind2="0" tag="651"><subfield code="a">Clarkston (Wash.)</subfield><subfield code="v">Newspapers.</subfield></datafield><datafield ind1=" " ind2="7" tag="655"><subfield code="a">Newspapers.</subfield><subfield code="2">fast</subfield><subfield code="0">(OCoLC)fst01423814</subfield></datafield><datafield ind1=" " ind2="7" tag="651"><subfield code="a">Washington (State)</subfield><subfield code="z">Clarkston.</subfield><subfield code="2">fast</subfield><subfield code="0">(OCoLC)fst01223689</subfield></datafield><datafield ind1=" " ind2=" " tag="752"><subfield code="a">United States</subfield><subfield code="b">Washington</subfield><subfield code="c">Asotin</subfield><subfield code="d">Clarkston.</subfield></datafield><datafield ind1=" " ind2=" " tag="752"><subfield code="a">United States</subfield><subfield code="b">Washington</subfield><subfield code="c">Asotin</subfield><subfield code="d">Asotin.</subfield></datafield><datafield ind1="0" ind2="0" tag="780"><subfield code="t">Valley American</subfield><subfield code="w">(DLC)sn 87093012</subfield><subfield code="w">(OCoLC)16992918</subfield></datafield></record>